%%%%%%%%%%%%%%%%%%%%%%%%%%%%%%%%%%%%%%%%%%%%%%%%%%%%%%%%%%%%%%%%%%%%%%%%%%%%%%%
% Chapter 4 : Desarrollo y tecnologías utilizadas
%%%%%%%%%%%%%%%%%%%%%%%%%%%%%%%%%%%%%%%%%%%%%%%%%%%%%%%%%%%%%%%%%%%%%%%%%%%%%%%

% 4.1 Tecnologías utilizadas
%%%%%%%%%%%%%%%%%%%%%%%%%%%%%%%%%%%%%%%%%%%%%%%%%%%%%%%%%%%%%%%%%%%%%%%%%%%%%%%

% 4.1.1 Stack de desarrollo en JavaScript
%------------------------------------------------------------------------------
@misc{motor-v8,
  title = {{Motor V8}},
  howpublished = "\url{https://v8.dev/}",
  year = {2019}, 
  note = "[Online; accedido en junio de 2019]"
}

@misc{KennethEng2019,
  title = {{JavaScript is a Dysfunctional Programming Language}},
  howpublished = "\url{https://medium.com/javascript-non-grata/javascript-is-a-dysfunctional-programming-language-a1f4866e186f}",
  author = {Kenneth Eng, Richard},
  year = {2019}, 
  note = "[Online; accedido en junio de 2019]"
}

@misc{ecmascript,
  title = {{Estándard de JavaScript (ECMAScript)}},
  howpublished = "\url{https://www.ecma-international.org/ecma-262/9.0/index.html#Title}",
  year = {2019}, 
  note = "[Online; accedido en junio de 2019]"
}

@misc{node,
  title = {{NodeJS}},
  howpublished = "\url{https://nodejs.org/es/}",
  year = {2019}, 
  note = "[Online; accedido en junio de 2019]"
}

@misc{npm,
  title = {{NPM: Node Package Manager}},
  howpublished = "\url{https://www.npmjs.com/}",
  year = {2019}, 
  note = "[Online; accedido en junio de 2019]"
}

@misc{semver,
  title = {{Semantic versioning}},
  howpublished = "\url{https://semver.org/}",
  year = {2019}, 
  note = "[Online; accedido en junio de 2019]"
}

@misc{webpack,
  title = {{WebPack}},
  howpublished = "\url{https://webpack.js.org/}",
  year = {2019}, 
  note = "[Online; accedido en junio de 2019]"
}

@misc{babel,
  title = {{Babel}},
  howpublished = "\url{https://babeljs.io/}",
  year = {2019}, 
  note = "[Online; accedido en junio de 2019]"
}

% 4.1.2 Tecnologías utilizadas para el desarrollo
%------------------------------------------------------------------------------

@misc{git,
  title = {{Git}},
  howpublished = "\url{https://git-scm.com/}",
  year = {2019}, 
  note = "[Online; accedido en junio de 2019]"
}

@misc{github,
  title = {{Repositorio en GitHub}},
  howpublished = "\url{https://github.com/CristianAbrante/GeneticsJS/}",
  year = {2019}, 
  note = "[Online; accedido en junio de 2019]"
}

@misc{typescript,
  title = {{TypeScript}},
  howpublished = "\url{https://www.typescriptlang.org/}",
  year = {2019}, 
  note = "[Online; accedido en junio de 2019]"
}

@misc{typescriptrepo,
  title = {{Repositorio de TypeScript}},
  howpublished = "\url{https://github.com/Microsoft/TypeScript}",
  year = {2019}, 
  note = "[Online; accedido en junio de 2019]"
}

@misc{jest,
  title = {{Jest}},
  howpublished = "\url{https://jestjs.io/}",
  year = {2019}, 
  note = "[Online; accedido en junio de 2019]"
}

@misc{tsjest,
  title = {{ts-jest}},
  howpublished = "\url{https://github.com/kulshekhar/ts-jest}",
  year = {2019}, 
  note = "[Online; accedido en junio de 2019]"
}

@misc{circleci,
  title = {{Informe de CircleCI}},
  howpublished = "\url{https://circleci.com/gh/CristianAbrante/workflows/GeneticsJS}",
  year = {2019}, 
  note = "[Online; accedido en junio de 2019]"
}

@misc{travis,
  title = {{TravisCI}},
  howpublished = "\url{https://travis-ci.org/}",
  year = {2019}, 
  note = "[Online; accedido en junio de 2019]"
}

@misc{coveralls,
  title = {{Coveralls}},
  howpublished = "\url{https://coveralls.io/github/CristianAbrante/GeneticsJS}",
  year = {2019}, 
  note = "[Online; accedido en junio de 2019]"
}

@misc{typedoc,
  title = {{TypeDoc}},
  howpublished = "\url{https://cristianabrante.github.io/GeneticsJS/}",
  year = {2019}, 
  note = "[Online; accedido en junio de 2019]"
}

@misc{prettier,
  title = {{Prettier}},
  howpublished = "\url{https://prettier.io/}"
  year = {2019}, 
  note = "[Online; accedido en junio de 2019]"
}

@misc{tslint,
  title = {{TS Lint}},
  howpublished = "\url{https://palantir.github.io/tslint/}"
  year = {2019}, 
  note = "[Online; accedido en junio de 2019]"
}

@misc{airbnbjs,
  title = {{Airbnb JavaScript standard}},
  howpublished = "\url{https://github.com/airbnb/javascript}"
  year = {2019}, 
  note = "[Online; accedido en junio de 2019]"
}

@misc{webstorm,
  title = {{WebStorm IDE}},
  howpublished = "\url{https://www.jetbrains.com/webstorm/}"
  year = {2019}, 
  note = "[Online; accedido en junio de 2019]"
}

@misc{vscode,
  title = {{Visual Studio Code}},
  howpublished = "\url{https://code.visualstudio.com/}"
  year = {2019}, 
  note = "[Online; accedido en junio de 2019]"
}

@misc{atom,
  title = {{Atom}},
  howpublished = "\url{https://atom.io/}"
  year = {2019}, 
  note = "[Online; accedido en junio de 2019]"
}

@misc{randomcpp,
  title = {{Random de C++}},
  howpublished = "\url{http://www.cplusplus.com/reference/cstdlib/rand/}"
  year = {2019}, 
  note = "[Online; accedido en junio de 2019]"
}

@misc{randomjs,
  title = {{random.js}},
  howpublished = "\url{https://github.com/ckknight/random-js}"
  year = {2019}, 
  note = "[Online; accedido en junio de 2019]"
}

% 4.2 Estructura del software 
%%%%%%%%%%%%%%%%%%%%%%%%%%%%%%%%%%%%%%%%%%%%%%%%%%%%%%%%%%%%%%%%%%%%%%%%%%%%%%%

% 4.2.1 Individuos
%------------------------------------------------------------------------------

@book{holland1992adaptation,
  title={Adaptation in natural and artificial systems: an introductory analysis with applications to biology, control, and artificial intelligence},
  author={Holland, John Henry and others},
  year={1992},
  publisher={MIT press}
}

% 4.2.4 Selección de padres
%------------------------------------------------------------------------------

@article{DBLP:journals/corr/abs-1109-3627,
  author    = {Adam Lipowski and
               Dorota Lipowska},
  title     = {Roulette-wheel selection via stochastic acceptance},
  journal   = {CoRR},
  volume    = {abs/1109.3627},
  year      = {2011},
  url       = {http://arxiv.org/abs/1109.3627},
  archivePrefix = {arXiv},
  eprint    = {1109.3627},
  timestamp = {Mon, 13 Aug 2018 16:48:41 +0200},
  biburl    = {https://dblp.org/rec/bib/journals/corr/abs-1109-3627},
  bibsource = {dblp computer science bibliography, https://dblp.org}
}

@inproceedings{baker1987reducing,
  title={Reducing bias and inefficiency in the selection algorithm},
  author={Baker, James E},
  booktitle={Proceedings of the second international conference on genetic algorithms},
  volume={206},
  pages={14--21},
  year={1987}
}

@incollection{spears1991analysis,
  title={An analysis of multi-point crossover},
  author={Spears, William M and De Jong, Kenneth A},
  booktitle={Foundations of genetic algorithms},
  volume={1},
  pages={301--315},
  year={1991},
  publisher={Elsevier}
}

@article{de1975analysis,
  title={Analysis of the behavior of a class of genetic adaptive systems},
  author={De Jong, Kenneth Alan},
  year={1975}
}

@inproceedings{syswerda1989uniform,
  title={Uniform crossover in genetic algorithms},
  author={Syswerda, Gilbert},
  booktitle={Proceedings of the third international conference on Genetic algorithms},
  pages={2--9},
  year={1989},
  organization={Morgan Kaufmann Publishers}
}

@book{michalewicz2013genetic,
  title={Genetic algorithms+ data structures= evolution programs},
  author={Michalewicz, Zbigniew},
  year={2013},
  publisher={Springer Science \& Business Media}
}

@article{davis1991handbook,
  title={Handbook of genetic algorithms},
  author={Davis, Lawrence},
  year={1991},
  publisher={CUMINCAD}
}

%%%%%%%%%%%%%%%%%%%%%%%%%%%%%%%%%%%%%%%%%%%%%%%%%%%%%%%%%%%%%%%%%%%%%%%%%%%%%%%
% Chapter 4 : Aplicación y caso de uso
%%%%%%%%%%%%%%%%%%%%%%%%%%%%%%%%%%%%%%%%%%%%%%%%%%%%%%%%%%%%%%%%%%%%%%%%%%%%%%%

@misc{react,
  title = {{ReactJS}},
  howpublished = "\url{https://reactjs.org/}",
  year = {2019}, 
  note = "[Online; accessed may-2019]"
}

@misc{materialui,
  title = {{Material UI}},
  howpublished = "\url{https://material-ui.com/}",
  year = {2019},
  note = "[Online; accessed may-2019]"
}

@misc{formik,
  title = {{Formik}},
  howpublished = "\url{https://jaredpalmer.com/formik/}",
  year = {2019},
  note = "[Online; accessed may-2019]"
}

@misc{yup,
  title = {{Yup}},
  howpublished = "\url{https://github.com/jquense/yup}",
  year = {2019},
  note = "[Online; accessed may-2019]"
}